@string{I = {Ind. Eng. Chem. Res.}}%
@string{F = {Fuel}}%
@string{EF = {Energy \& Fuels}} %
@string{CF = {Comb. \& Flame}}%
@string{EST = {Environ. Sci. Technol.}} %
@string{JAP = {J. Appl.Polym. Sci.}} %
@string{CJC = { Can. J. Chem. Eng.}} %
@string{JAA ={J. Anal. Appl. Pyrolysis.}} %
@string{JPS = {J. Polym. Sci. A}}%
@string{CST = {Combust. Sci. Tech.}} %
@string{C = {Carbon}}%
@string{Aiche = {AIChE J.}}%
@string{CES = {Chem. Eng. Sci.}}%
@string{JFM ={ J. Fluid. Mech.}}%

@INPROCEEDINGS{AG01,
author = {Antal, M.J.J.},
title = {Biomass Pyrolysis: A Review of the Literature Part 1 - Carbohydrate Pyrolysis},
booktitle = {Advances in Solar Energy Vol. 1 American Solar Energy Society},
year = {1982},
pages = {61-111}
}
@ARTICLE{AG12,
 author={Thurner, F. and Mann, U.},
 title={Kinetic Investigation of Wood Pyrolysis},
 journal= I,
 volume={20},
 year={1981},
 pages={482-488}
 }
@TECHREPORT{AG52,
  author ={Rinc\'{o}n, S.L.},
  title ={Herstellung von Aktivkohle aus Biogenen Reststoffen zum Einsatz in der Rauchgasreinigung},
  institution ={Institut f\"{u}r Thermische Energietechnik, Universit\"{a}t Kassel},
  year ={1999},
  pages={38},
}
@PHDTHESIS{AG70,
 author={Wiest, W.},
 title={Zur Pyrolyse von Biomasse im Drehrohrreaktor},
 school={Universit\"{a}t Gesamthochschule Kassel},
 type={Tesis de Doctorado},
 year={1998},
 address={Kassel}
 }
@BOOK{AG08a,
 author={Gregg, S.J. and Sing, K.S.W.},
 title={Adsorption, Surface Area and Porosity},
 publisher={Academic Press},
 address={London},
 year={1982},
 }
@BOOK{AG09a,
 editor={Marsh, H. and Heintz E.A. and Rodriguez-Reinoso, F.},
 title={Introduction to Carbon Technologies},
 publisher={Universidad de Alicante},
 address={Alicante},
 year={1997},
 }
@MASTERSTHESIS{AG36a,
 author={G\'{o}mez, Adriana},
 title={Investigaci\'{o}n del Proceso de Gasificaci\'{o}n de Biomasa en un Gasificador en Paralelo},
 school={Universidad Nacional de Colombia},
 year={2002},
 }
@MISC{AG01i,
 author={International Energy Agency, IEA},
 title={Needs for Renewables 2001: Developing a New Generation of Sustainable Energy Technologies},
 year={2001},
 pages={48}
 }
@MISC{AG02i,
 author={International Energy Agency, IEA},
 title={Renewables in Global Energy Supply},
 year={2007},
 pages={34}
 }
@BOOK{AG03p,
 author={Franke, G.},
 title={Nutzpflanzen der Tropen und Subtropen},
 publisher={UTB},
 address={Stuttgart},
 year={1994},
 }
@BOOK{AG04p,
 author={Hartley, C.W.S.},
 title={The Oil Palm},
 publisher={Longman},
 address={London},
 year={1977},
 }
@Book{escamilla1995microcomputadores,
 author = {Escamilla, Jairo},
 title = {Microcomputadores en ingeniería estructural},
 publisher = {ECOE Universidad Nacional de Colombia. Facultad de Ingeniera},
 year = {1995},
 address = {Santafé de Bogotá},
 isbn = {958-648-110-7}
 }
@Book{wilson2016edward,
 author = {EERI},
 title = {Connections. Edward L. Wilson},
 publisher = {Earthquake Engineering Research Institute},
 year = {2016},
 address = {Oakland, California},
 isbn = {978-1-932884-68-5}
}
@Book{beer1997mecanica,
 author = {Beer, Ferdinand},
 title = {Mec\'{a}nica vectorial para ingenieros},
 publisher = {McGraw-Hill},
 year = {1997},
 address = {M\'{e}xico},
 isbn = {970-10-1021-3}
 }
@Book{fenves1965referenceUser,
 author = {Fenves, Steven},
 title = {STRESS: A Reference Manual. A Problem-Oriented Computer Language for Structural Engineering},
 publisher = {The M.I.T Press},
 year = {1965},
 address = {Cambridge}
}
@misc{Enthought,
author = {Enthought},
title = {{SciPy.org — SciPy.org}},
url = {https://www.scipy.org/},
urldate = {2019-03-15}, 
year = {2019}
}
@misc{Rossum,
author = {van Rossum, Guido},
title = {{Welcome to Python.org}},
url = {https://www.python.org/},
urldate = {2019-03-15},
note = {Accessed: 2019-03-15}, 
year = {2019}
}
@misc{TheWaltDisneyCompany,
author = {{Carnegie Mellon University}},
mendeley-groups = {Programaci{\'{o}}n},
title = {{Panda3D | Open Source Framework for 3D Rendering {\&} Games}},
url = {https://www.panda3d.org/},
urldate = {2019-03-15}, 
year = {2019}
}
@book{benfer1974san,
  title={San Fernando, California, Earthquake of February 9, 1971},
  author={Benfer, N.A. and Coffman, J.L. and United States. National Oceanic and Atmospheric Administration},
  number={v. 1, pt. 1},
  lccn={74602556},
  series={San Fernando, California, Earthquake of February 9, 1971},
  url={https://books.google.com.co/books?id=pF4hJNA9biUC},
  year={1974},
  publisher={U.S. Department of Commerce, National Oceanic and Atmospheric Administration}
}
@article{ETABS1972,
author = {Wilson, E. L. and Dovey, H. H.},
title = {Three dimensional analysis of building systems - {TABS}},
journal= {Earthwuake engineering research center},
institution = {National Science Foundation},
year = {1972}}

@article{ETABS1975,
author = {Wilson, E. L. and Hollings, J. P. and Dovey, H.H.},
title = {Three dimensional analysis of building systems (extended version)},
journal= {Earthwuake engineering research center},
institution = {National Science Foundation},
year = {1975}}

@misc{ETABS2020systemrequirements,
  author = {Computers and Structures},
  title = {{ETABS} System Requirements},
  howpublished = {\url{https://www.csiamerica.com/products/etabs/system-requirements}},
  note = {Accedido: 2020-09-29},
  year = 2020}

@manual{ETABS2017analysisreferencemanual,
author = {Computers and Structures},
title = {{CSi} Anlysis Reference Manual},
institution = {Computers and Structures, Inc},
year = {2017}}

@manual{ETABS2019welcome,
author = {Computers and Structures},
title = {Welcome to {ETABS}},
institution = {Computers and Structures, Inc},
year = {2019}}

@Book{weaver1990matrixanalysis,
 author = {Weaver, William Jr and Gere, James},
 title = {Matrix analysis of framed Structures},
 publisher = {Van Nostrand Reinhold},
 year = {1990},
 address = {New York},
 isbn = {978-1-4684-7489-3}}

@Book{dunn20023d,
 author = {Dunn, Fletcher},
 title = {3D math primer for graphics and game development},
 publisher = {Wordware Pub},
 year = {2002},
 address = {Plano, Tex},
 isbn = {1-55622-911-9}}

@book{euler_rotations,
 title={Novi comementarii Academiae scientiarum imperialis petropolitanae},
 author={{Akademiia nauk SSSR.}},
 number={v. 8},
 lccn={08004089},
 year={1763},
 publisher={Typis Academiae Scientarum}}

@Book{chacon2014git,
 author = {Chacon, Scott},
 title = {Pro Git},
 publisher = {Apress,Distributed to the Book trade worldwide by Spring Science+Business Media},
 year = {2014},
 address = {Berkeley, CA New York, NY},
 isbn = {978-1484200773}}

@Book{lutz2013python,
 author = {Lutz, Mark},
 title = {Learning Python},
 publisher = {O'Reilly},
 year = {2013},
 address = {Sebastopol, CA},
 isbn = {978-1-449-35573-9}}

@Book{dirksen2015threejs,
 author = {Dirksen, Jos},
 title = {Learning Three.js--the JavaScript 3D library for WebGL : create stunning 3D graphics in your browser using the Three.js JavaScript library},
 publisher = {Packt Publishing},
 year = {2015},
 address = {Birmingham, UK},
 isbn = {978-1-78439-221-5}}

@misc{Charles2013,
  author = {Charles, P.W.D.},
  title = {Project Title},
  year = {2013},
  publisher = {GitHub},
  journal = {GitHub repository},
  howpublished = {\url{https://github.com/charlespwd/project-title}},
  commit = {4f57d6a0e4c030202a07a60bc1bb1ed1544bf679}
}
@ARTICLE{2020SciPy-NMeth,
  author  = {Virtanen, Pauli and Gommers, Ralf and Oliphant, Travis E. and
            Haberland, Matt and Reddy, Tyler and Cournapeau, David and
            Burovski, Evgeni and Peterson, Pearu and Weckesser, Warren and
            Bright, Jonathan and {van der Walt}, St{\'e}fan J. and
            Brett, Matthew and Wilson, Joshua and Millman, K. Jarrod and
            Mayorov, Nikolay and Nelson, Andrew R. J. and Jones, Eric and
            Kern, Robert and Larson, Eric and Carey, C J and
            Polat, {\.I}lhan and Feng, Yu and Moore, Eric W. and
            {VanderPlas}, Jake and Laxalde, Denis and Perktold, Josef and
            Cimrman, Robert and Henriksen, Ian and Quintero, E. A. and
            Harris, Charles R. and Archibald, Anne M. and
            Ribeiro, Ant{\^o}nio H. and Pedregosa, Fabian and
            {van Mulbregt}, Paul and {SciPy 1.0 Contributors}},
  title   = {{{SciPy} 1.0: Fundamental Algorithms for Scientific
            Computing in Python}},
  journal = {Nature Methods},
  year    = {2020},
  volume  = {17},
  pages   = {261--272},
  adsurl  = {https://rdcu.be/b08Wh},
  doi     = {10.1038/s41592-019-0686-2},
}
@Article{         harris2020array,
 title         = {Array programming with {NumPy}},
 author        = {Charles R. Harris and K. Jarrod Millman and St{'{e}}fan J.
                 van der Walt and Ralf Gommers and Pauli Virtanen and David
                 Cournapeau and Eric Wieser and Julian Taylor and Sebastian
                 Berg and Nathaniel J. Smith and Robert Kern and Matti Picus
                 and Stephan Hoyer and Marten H. van Kerkwijk and Matthew
                 Brett and Allan Haldane and Jaime Fern{'{a}}ndez del
                 R{'{\i}}o and Mark Wiebe and Pearu Peterson and Pierre
                 G{'{e}}rard-Marchant and Kevin Sheppard and Tyler Reddy and
                 Warren Weckesser and Hameer Abbasi and Christoph Gohlke and
                 Travis E. Oliphant},
 year          = {2020},
 month         = sep,
 journal       = {Nature},
 volume        = {585},
 number        = {7825},
 pages         = {357--362},
 doi           = {10.1038/s41586-020-2649-2},
 publisher     = {Springer Science and Business Media {LLC}},
 url           = {https://doi.org/10.1038/s41586-020-2649-2}
}
@Book{reddy1993an,
 author = {Reddy, J. N.},
 title = {An introduction to the finite element method},
 publisher = {McGraw-Hill},
 year = {1993},
 address = {New York},
 isbn = {0070513554}
 }
<<<<<<< HEAD
@misc{MDNWebDocs-requestAnimationFrame,
  author = {MDN},
  title = {{Window.requestAnimationFrame()}},
  url = {https://developer.mozilla.org/en-US/docs/Web/API/window/requestAnimationFrame},
  urldate = {2021-03-08}, 
  year = {2021}
}
@misc{threejs-Object3D,
  author = {{Three.js authors}},
  title = {{Object3D}},
  url = {https://threejs.org/docs/#api/en/core/Object3D},
  urldate = {2021-03-08}, 
  year = {2021}
}
@misc{threejs-Shape,
  author = {{Three.js authors}},
  title = {{Shape}},
  url = {https://threejs.org/docs/#api/en/extras/core/Shape},
  urldate = {2021-03-12}, 
  year = {2021}
}
@misc{threejs-sceneGraph,
  author = {{threejsfundamentals authors}},
  title = {{Three.js Scene Graph}},
  url = {https://threejsfundamentals.org/threejs/lessons/threejs-scenegraph.html},
  urldate = {2021-03-27}, 
  year = {2021}
}
@book{Kassimali2011,
author = {Kassimali, Aslam},
edition = {2},
publisher = {Cengage learning},
title = {{Matrix Analysis of Structures}},
year = {2011}
}
